@book{Heaton2008,
    author = {Jeff Heaton},
    title = {Introduction to Neural Networks for Java},
    publisher = {Heaton Reasearch Incorporated},
    year = {2008},
    edition = 2
}

@inbook{Duling2010,
    booktitle = {The Blackwell Companion to the New Testament},
    author = {Dennis C. Duling},
    title = {The Gospel of Matthew},
    chapter = {18},
    publisher = {John Wiley \& Sons},
    year = {2010}
}

@inbook{Schroter2010,
    booktitle = {The Blackwell Companion to the New Testament},
    author = {Jens Schroter},
    title = {The Gospel of Mark},
    chapter = {17},
    publisher = {John Wiley \& Sons},
    year = {2010}
}

@inbook{Thompson2010,
    booktitle = {The Blackwell Companion to the New Testament},
    author = {Richard P. Thompson},
    title = {Luke-Acts: The Gospel of Luke and the Acts of the Apostles},
    chapter = {19},
    publisher = {John Wiley \& Sons},
    year = {2010}
}
